@article{ritz2015,
  title={Dose-response analysis using R},
  author={Ritz, Christian and Baty, Florent and Streibig, Jens C and Gerhard, Daniel},
  journal={PLOS ONE},
  year={2015},
  volume={10},
  number={12},
  pages={e0146021}
}

@book{pinheiro2023,
  title={Mixed-Effects Models in S and S-PLUS},
  author={Pinheiro, José and Bates, Douglas},
  year={2023},
  publisher={Springer}
}

@article{bürkner2017,
  title={brms: An R package for Bayesian multilevel models using Stan},
  author={Bürkner, Paul-Christian},
  journal={Journal of Statistical Software},
  year={2017},
  volume={80},
  number={1},
  pages={1--28}
}

@Manual{feldl2025,
  title = {DGrowthR: Bacterial Growth Curve Analysis},
  author = {Medina Feldl and Roberto {Olayo Alarcon}},
  year = {2025},
  note = {R package version 1.0},
  url = {https://bio-datascience.github.io/DGrowthR/},
}
