@article{Ritz2015,
  title={Dose-response analysis using R},
  author={Ritz, Christian and Baty, Florent and Streibig, Jens C and Gerhard, Daniel},
  journal={PLOS ONE},
  year={2015},
  volume={10},
  number={12},
  pages={e0146021}
}

@book{Pinheiro2023,
  title={Mixed-Effects Models in S and S-PLUS},
  author={Pinheiro, José and Bates, Douglas},
  year={2023},
  publisher={Springer}
}

@article{Burkner2017,
  title={brms: An R package for Bayesian multilevel models using Stan},
  author={Bürkner, Paul-Christian},
  journal={Journal of Statistical Software},
  year={2017},
  volume={80},
  number={1},
  pages={1--28}
}

@Manual{Feldl2025,
  title = {DGrowthR: Bacterial Growth Curve Analysis},
  author = {Medina Feldl and Roberto {Olayo Alarcon}},
  year = {2025},
  note = {R package version 1.0},
  url = {https://bio-datascience.github.io/DGrowthR/}
}

@article{Angaroni2025,
  title={Translating microbial kinetics into quantitative responses and testable hypotheses using Kinbiont},
  author={Angaroni, Fabrizio, Peruzzi, Alberto, Alvarenga, Edgar Z., Pinheiro, Fernanda},
  journal={Nature Communications},
  year={2025},
  volume={16},
  number={6440},
  url = {https://www.nature.com/articles/s41467-025-61592-6#citeas}
}

@article{Kuosmanen2021,
    doi = {10.1371/journal.pcbi.1009418},
    author = {Kuosmanen, Teemu AND Cairns, Johannes AND Noble, Robert AND Beerenwinkel, Niko AND Mononen, Tommi AND Mustonen, Ville},
    journal = {PLOS Computational Biology},
    publisher = {Public Library of Science},
    title = {Drug-induced resistance evolution necessitates less aggressive treatment},
    year = {2021},
    month = {09},
    volume = {17},
    url = {https://doi.org/10.1371/journal.pcbi.1009418},
    pages = {1-22},
    number = {9}
}

@article{Degnan2025,
  title={bmdrc: Python package for quantifying phenotypes from chemical exposures with benchmark dose modeling},
  author={Degnan, David J. AND Bramer, Lisa M. AND Truong, Lisa AND Tanguay, Robyn L. AND Gosline, Sara M. AND Waters, Katrina M.},
  journal={PLOS Computational Biology},
  year={2025},
  volume={21},
  number={7},
  url = {https://doi.org/10.1371/journal.pcbi.1013337}
}

@article{Wang2020,
  title = {A statistical framework for assessing pharmacological responses and biomarkers using uncertainty estimates},
  author = {Wang, Dennis and Hensman, James and Kutkaite, Ginte and Toh, Tzen S and Galhoz, Ana and GDSC Screening Team and Dry, Jonathan R. and Saez-Rodriguez, Julio and Garnett, Mathew J. and Menden, Michael P. and Dondelinger, Frank},
  journal = {eLife},
  year = {2020},
  volume = {9},
  pages = {e60352},
  doi = {10.7554/eLife.60352},
  url = {https://elifesciences.org/articles/60352}
}

@article{Lukacisinova2020,
  title = {Highly parallel lab evolution reveals that epistasis can curb the evolution of antibiotic resistance},
  author = {Lukačišinová, Marta and Fernando, Booshini and Bollenbach, Tobias},
  journal = {Nature Communications},
  year = {2020},
  volume = {11},
  pages = {3105},
  doi = {10.1038/s41467-020-16932-z},
  url = {https://www.nature.com/articles/s41467-020-16932-z}
}

@article{Lukacisin2019,
  title = {Emergent Gene Expression Responses to Drug Combinations Predict Higher-Order Drug Interactions},
  author = {Lukačišin, Martin and Bollenbach, Tobias},
  journal = {Cell Systems},
  year = {2019},
  volume = {9},
  number = {5},
  pages = {423--433.e3},
  doi = {10.1016/j.cels.2019.10.004},
  pmid = {31734160},
  url = {https://pubmed.ncbi.nlm.nih.gov/31734160/}
}

@article{Bretz2025,
  title = {Dose-response characterization: A key to success in drug development},
  author = {Bretz, Frank and Bornkamp, Bj{\"o}rn and Dumortier, Thomas},
  journal = {Clinical Trials},
  year = {2025},
  volume = {22},
  number = {4},
  pages = {384--392},
  doi = {10.1177/17407745251350289},
  pmid = {40626332},
  url = {https://pubmed.ncbi.nlm.nih.gov/40626332/}
}

@article{Petrungaro2025,
  title = {Function-specific epistasis shapes evolutionary trajectories towards antibiotic resistance},
  author = {Petrungaro, Gabriela and Fink, Theresa and Fernando, Booshini and Ansmann, Gerrit and Bollenbach, Tobias},
  journal = {bioRxiv},
  year = {2025},
  doi = {10.1101/2025.07.09.663857},
  note = {Version 1, posted July 12, 2025},
  url = {https://www.biorxiv.org/content/10.1101/2025.07.09.663857v1}
}

@article {Gross2024,
	author = {Gross, Rotem and Mungan, Muhittin and Das, Suman G. and Y{\"u}ksel, Melih and Maier, Berenike and Bollenbach, Tobias and Krug, Joachim and de Visser, J. Arjan G.M.},
	title = {Collective β-lactam resistance in Escherichia coli due to β-lactamase release upon cell death},
	elocation-id = {2024.10.14.618215},
	year = {2024},
	doi = {10.1101/2024.10.14.618215},
	publisher = {Cold Spring Harbor Laboratory},
	URL = {https://www.biorxiv.org/content/early/2024/10/14/2024.10.14.618215},
	eprint = {https://www.biorxiv.org/content/early/2024/10/14/2024.10.14.618215.full.pdf},
	journal = {bioRxiv}
}

@article{Monod1949,
  title   = {The Growth of Bacterial Cultures},
  author  = {Monod, Jacques},
  journal = {Annual Review of Microbiology},
  year    = {1949},
  volume  = {3},
  number  = {1},
  pages   = {371--394},
  doi     = {10.1146/annurev.mi.03.100149.002103},
  url     = {https://www.annualreviews.org/content/journals/10.1146/annurev.mi.03.100149.002103}
}